@misc{wp-user-roles,
 author = {WordPress},
 title = {Codex - Roles and Capabilities},
 year = {2009},
 url = {https://codex.wordpress.org/Roles_and_Capabilities},
 howpublished = {\burl{https://codex.wordpress.org/Roles_and_Capabilities}},
 note = {[Online; accessed 5-August-2017]}
}


@misc{wordpress-editor,
 author = {WordPress},
 title = {Visual Editor},
 year = {2013},
 url = {https://en.support.wordpress.com/visual-editor},
 howpublished = {\burl{https://en.support.wordpress.com/visual-editor}},
 note = {[Online; accessed 5-August-2017]}
}


@misc{FedericoCasalegno.2014,
 author = {Federico Casalegno},
 year = {2014},
 title = {RE:Thinking the Future of Smart Living},
 url = {http://mobile.mit.edu/smartliving},
 howpublished = {\burl{http://mobile.mit.edu/smartliving}},
 urldate = {8/10/2017},
 note = {[Online; accessed 5-April-2017]}
}


@misc{PremiumBlue.2013,
 author = {PremiumBlue},
 year = {2013},
 title = {HD IP-Kamera PREMIUMBLUE PIPC-HD720SD},
 url = {https://www.pollin.de/p/hd-ip-kamera-premiumblue-pipc-hd720sd-pan-tilt-722622},
 howpublished = {\burl{https://www.pollin.de/p/hd-ip-kamera-premiumblue-pipc-hd720sd-pan-tilt-722622}},
 urldate = {8/10/2017},
 note = {[Online; accessed 27-April-2017]}
}


@misc{PremiumBlue.2013b,
 author = {PremiumBlue},
 year = {2013},
 title = {IP-Kamera PREMIUMBLUE PIPC-011},
 url = {https://www.pollin.de/p/ip-kamera-premiumblue-pipc-011-pan-tilt-722285},
 howpublished = {\burl{https://www.pollin.de/p/ip-kamera-premiumblue-pipc-011-pan-tilt-722285}},
 urldate = {8/10/2017},
 note = {[Online; accessed 27-April-2017]}
}


@misc{Prof.Dr.Ing.habil.Nativi.2016,
 author = {Prof. Dr.-Ing. habil. Nativi},
 year = {2016},
 title = {IoTLab Hochschule Reutlingen},
 url = {http://iotlab.reutlingen-university.de},
 howpublished = {\burl{http://iotlab.reutlingen-university.de}},
 urldate = {8/10/2017},
 note = {[Online; accessed 24-March-2017]}
}


@misc{RefsnesData.2017,
 author = {Refsnes Data},
 year = {2017},
 title = {SQL Introduction},
 url = {https://www.w3schools.com/sql/sql_intro.asp},
 howpublished = {\burl{https://www.w3schools.com/sql/sql_intro.asp}},
 urldate = {8/10/2017},
 note = {[Online; accessed 15-March-2017]}
}


@misc{RefsnesData.8102017,
 author = {Refsnes Data},
 year = {8/10/2017},
 title = {How To Create a Slideshow},
 url = {https://www.w3schools.com/howto/howto_js_slideshow.asp},
 howpublished = {\burl{https://www.w3schools.com/howto/howto_js_slideshow.asp}},
 urldate = {8/10/2017},
 note = {[Online; accessed 7-May-2017]}
}


@misc{SiteOrigin.2014,
 author = {SiteOrigin},
 year = {2014},
 title = {Getting Started With Page Builder},
 url = {https://siteorigin.com/page-builder/documentation},
 howpublished = {\burl{https://siteorigin.com/page-builder/documentation}},
 urldate = {8/10/2017},
 note = {[Online; accessed 21-March-2017]}
}


@misc{SiteOrigin.2015,
 author = {SiteOrigin, Braam Genis, Greg Priday},
 year = {2015},
 title = {SiteOrigin Widgets Bundle},
 url = {https://de.wordpress.org/plugins/so-widgets-bundle},
 howpublished = {\burl{https://de.wordpress.org/plugins/so-widgets-bundle}},
 urldate = {8/10/2017},
 note = {[Online; accessed 29-March-2017]}
}


@misc{SiteOrigin.2016,
 author = {SiteOrigin, Braam Genis, Greg Priday},
 year = {2016},
 title = {Page Builder by SiteOrigin},
 url = {https://de.wordpress.org/plugins/siteorigin-panels},
 howpublished = {\burl{https://de.wordpress.org/plugins/siteorigin-panels}},
 urldate = {8/10/2017},
 note = {[Online; accessed 29-March-2017]}
}


@misc{SugarHill.2016,
 author = {Sugar Hill},
 year = {2016},
 title = {PHP 7.0 - Extensions},
 url = {https://www.digitalocean.com/community/questions/php-7-0-ziparchive-library-is-missing-or-disabled},
 howpublished = {\burl{https://www.digitalocean.com/community/questions/php-7-0-ziparchive-library-is-missing-or-disabled}},
 urldate = {8/10/2017},
 note = {[Online; accessed 7-March-2017]}
}


@misc{SyedBalkhi.2015,
 author = {Syed Balkhi},
 year = {2015},
 title = {Which is the Best WordPress Slider? Performance + Quality Compared},
 url = {http://www.wpbeginner.com/best-wordpress-slider},
 howpublished = {\burl{http://www.wpbeginner.com/best-wordpress-slider}},
 urldate = {8/10/2017},
 note = {[Online; accessed 23-April-2017]}
}


@misc{TeamUpdraft.2016,
 author = {Team Updraft},
 year = {2016},
 title = {Meta Slider},
 url = {https://wordpress.org/plugins/ml-slider},
 howpublished = {\burl{https://wordpress.org/plugins/ml-slider}},
 urldate = {8/10/2017},
 note = {[Online; accessed 24-April-2017]}
}


@misc{TeamUpdraft.2016b,
 author = {Team Updraft},
 year = {2016},
 title = {Meta Slider - Responsive WordPress Slider Plugin},
 url = {https://www.metaslider.com},
 howpublished = {\burl{https://www.metaslider.com}},
 urldate = {8/10/2017},
 note = {[Online; accessed 23-April-2017]}
}


@misc{Unity3DCommunity.2014,
 author = {Unity3D Community},
 year = {2014},
 title = {Wordpress page for the WebGL Player},
 url = {http://answers.unity3d.com/questions/830377/how-do-i-create-a-wordpress-page-for-the-webgl-pla.html},
 howpublished = {\burl{http://answers.unity3d.com/questions/830377/how-do-i-create-a-wordpress-page-for-the-webgl-pla.html}},
 urldate = {8/10/2017},
 note = {[Online; accessed 17-May-2017]}
}


@misc{DeanTakahashi.2014,
 author = {Dean Takahashi},
 year = {2014},
 title = {Unity Technologies},
 url = {https://venturebeat.com/2014/10/23/john-riccitiello-sets-out-to-identify-the-engine-of-growth-for-unity-technologies-interview},
 howpublished = {\\burl{https://venturebeat.com/2014/10/23/john-riccitiello-sets-out-to-identify-the-engine-of-growth -for-unity-technologies-interview}},
 urldate = {8/10/2017},
 note = {[Online; accessed 3-June-2017]}
}


@misc{Unity3D.2017,
 author = {Unity3D},
 year = {2017},
 title = {Unity - Webplayer},
 url = {https://unity3d.com/webplayer},
 howpublished = {\burl{https://unity3d.com/webplayer}},
 urldate = {8/10/2017},
 note = {[Online; accessed 3-June-2017]}
}


@misc{W3techs.2017,
 author = {W3techs},
 year = {2017},
 title = {Usage Statistics and Market Share of Content Management Systems for Websites, August 2017},
 url = {https://w3techs.com/technologies/overview/content_management/all},
 howpublished = {\burl{https://w3techs.com/technologies/overview/content_management/all}},
 urldate = {8/10/2017},
 note = {[Online; accessed 9-March-2017]}
}


@misc{WebDorado.2016,
 author = {Web Dorado},
 year = {2016},
 title = {WordPress Slider Plugin - Slider WD},
 url = {https://web-dorado.com/products/wordpress-slider-plugin.html},
 howpublished = {\burl{https://web-dorado.com/products/wordpress-slider-plugin.html}},
 urldate = {8/10/2017},
 note = {[Online; accessed 12-April-2017]}
}


@article{PremiumBlue.2013c,
 author = {PremiumBlue},
 year = {2013},
 title = {HD IP-Kamera PIPC-HD720SD - Produktbeschreibung},
 url = {https://www.pollin.de/shop/downloads/D722622B.PDF},
 howpublished = {\burl{https://www.pollin.de/shop/downloads/D722622B.PDF}},
 note = {[Online; accessed 28-April-2017]}
}

%%
@misc{PHPGroup.2001,
 author = {PHP Group},
 year = {2001},
 title = {PHP: What is PHP? - Manual},
 url = {http://php.net/manual/en/intro-whatis.php},
 howpublished = {\burl{http://php.net/manual/en/intro-whatis.php}},
 urldate = {8/10/2017},
 note = {[Online; accessed 8-March-2017]}
}


@misc{PHPGroup.2001b,
 author = {PHP Group},
 year = {2001},
 title = {PHP: What can PHP do? - Manual},
 url = {http://php.net/manual/en/intro-whatcando.php},
 howpublished = {\burl{http://php.net/manual/en/intro-whatcando.php}},
 urldate = {8/10/2017},
 note = {[Online; accessed 8-March-2017]}
}


@misc{NGINXInc..2017,
 author = {NGINX Inc.},
 year = {2017},
 title = {NGINX Plus Technical Specifications},
 url = {https://www.nginx.com/products/technical-specs},
 howpublished = {\burl{https://www.nginx.com/products/technical-specs}},
 urldate = {8/10/2017},
 note = {[Online; accessed 8-March-2017]}
}


@misc{fzi-2017,
 author = {FZI Research Center for Information Technology},
 year = {2017},
 title = {FZI Forschungszentrum Informatik: Home},
 url = {https://www.fzi.de/en/home},
 howpublished = {\burl{https://www.fzi.de/en/home}},
 urldate = {8/10/2017},
 note = {[Online; accessed 9-April-2017]}
}


@misc{GregPriday.2014,
 author = {Greg Priday},
 year = {2014},
 title = {Slider Widget Documentation},
 url = {https://siteorigin.com/widgets-bundle/slider-widget-documentation},
 howpublished = {\burl{https://siteorigin.com/widgets-bundle/slider-widget-documentation}},
 urldate = {8/10/2017},
note = {[Online; accessed 16-April-2017]}
}


@misc{JGrey.2014,
 author = {J. Grey},
 year = {2014},
 title = {The uploaded file exceeds the upload{\_}max{\_}filesize directive in php.ini.},
 url = {https://www.digitalocean.com/community/questions/the-uploaded-file-exceeds-the-upload_max_filesize-directive-in-php-ini},
 howpublished = {\burl{https://www.digitalocean.com/community/questions/the-uploaded-file-exceeds-the-upload_max_filesize-directive-in-php-ini}},
 urldate = {8/10/2017},
 note = {[Online; accessed 13-May-2017]}
}


@misc{JimGaston.2007,
 author = {Jim Gaston},
 year = {2007},
 title = {Duke Smart Home Program},
 url = {https://smarthome.duke.edu},
 howpublished = {\burl{https://smarthome.duke.edu}},
 urldate = {8/10/2017},
 note = {[Online; accessed 10-April-2017]}
}


@misc{JustinEllingwood.2016,
 author = {Justin Ellingwood},
 year = {2016},
 title = {How To Install Linux, Nginx, MySQL, PHP (LEMP stack) in Ubuntu 16.04},
 url = {https://www.digitalocean.com/community/tutorials/how-to-install-linux-nginx-mysql-php-lemp-stack-in-ubuntu-16-04},
 howpublished = {\burl{https://www.digitalocean.com/community/tutorials/how-to-install-linux-nginx-mysql-php-lemp-stack-in-ubuntu-16-04}},
 urldate = {8/10/2017},
 note = {[Online; accessed 15-March-2017]}
}


@misc{JustinEllingwood.2016b,
 author = {Justin Ellingwood},
 year = {2016},
 title = {How To Install WordPress with LEMP on Ubuntu 16.04},
 url = {https://www.digitalocean.com/community/tutorials/how-to-install-wordpress-with-lemp-on-ubuntu-16-04},
 howpublished = {\burl{https://www.digitalocean.com/community/tutorials/how-to-install-wordpress-with-lemp-on-ubuntu-16-04}},
 urldate = {8/10/2017},
 note = {[Online; accessed 15-March-2017]}
}


@misc{MarkHachman.2016,
 author = {Mark Hachman},
 year = {2016},
 title = {Hands-on with Surface Hub: Microsoft's huge tablet has some productivity holes},
 url = {http://www.pcworld.com/article/3051049/hardware/hands-on-with-surface-hub-microsofts-huge-tablet-has-some-productivity-holes.html},
 howpublished = {\burl{http://www.pcworld.com/article/3051049/hardware/hands-on -with-surface-hub-microsofts-huge-tablet-has-some- productivity-holes.html}},
 urldate = {8/10/2017},
 note = {[Online; accessed 12-March-2017]}
}


@misc{WhichCmsToChoose.2012,
 author = {WhichCmsToChoose},
 year = {2012},
 title = {WordPress - CMS review, advantages and disadvantages},
 url = {http://whichcmstochoose.com/wordpress.html},
 howpublished = {\burl{http://whichcmstochoose.com/wordpress.html}},
 urldate = {8/10/2017},
 note = {[Online; accessed 25-May-2017]}
}


@misc{MarkHachman.2016b,
 author = {Mark Hachman},
 year = {2016},
 title = {Microsoft's gigantic, almost-forgotten {\$}22,000 Surface Hub touchscreen is now shipping},
 url = {http://www.pcworld.com/article/3048433/hardware/microsofts- gigantic-almost-forgotten-22000-surface-hub- touchscreen -is-now-shipping.html},
 howpublished = {\burl{http://www.pcworld.com/article/3048433/hardware/microsofts- gigantic-almost-forgotten-22000-surface-hub-touchscreen- is-now-shipping.html}},
 urldate = {8/10/2017},
 note = {[Online; accessed 12-March-2017]}
}


@misc{MicrosoftCrop..2016,
 author = {Microsoft Crop.},
 year = {2016},
 title = {Microsoft Surface Hub},
 url = {https://www.microsoft.com/microsoft-surface-hub/en-us},
 howpublished = {\burl{https://www.microsoft.com/microsoft-surface-hub/en-us}},
 urldate = {8/10/2017},
 note = {[Online; accessed 11-March-2017]}
}


@misc{MotoPress.2015,
 author = {MotoPress},
 year = {2015},
 title = {Responsive WordPress Slider plugin},
 url = {https://www.getmotopress.com/plugins/slider},
 howpublished = {\burl{https://www.getmotopress.com/plugins/slider}},
 urldate = {8/10/2017},
 note = {[Online; accessed 4-April-2017]}
}


@misc{MotoPress.2016,
 author = {MotoPress},
 year = {2016},
 title = {Responsive Slider by MotoPress},
 url = {https://wordpress.org/plugins/motopress-slider-lite/},
 howpublished = {\burl{https://wordpress.org/plugins/motopress-slider-lite}},
 urldate = {8/10/2017},
 note = {[Online; accessed 4-April-2017]}
}


@misc{Multin.2012,
 author = {M\"ultin, Marc},
 year = {2012},
 title = {KIT-Forschungsprojekt iZEUS},
 url = {http://www.izeus.kit.edu/62.php},
 howpublished = {\burl{http://www.izeus.kit.edu/62.php}},
 urldate = {8/10/2017},
 note = {[Online; accessed 11-April-2017]}
}


@misc{Nextendweb.2015,
 author = {Nextendweb},
 year = {2015},
 title = {Smart Slider 3},
 url = {https://de.wordpress.org/plugins/smart-slider-3/},
 howpublished = {\burl{https://de.wordpress.org/plugins/smart-slider-3}},
 urldate = {8/10/2017},
 note = {[Online; accessed 24-April-2017]}
}


@misc{Nextendweb.2015b,
 author = {Nextendweb},
 year = {2015},
 title = {Smart Slider 3 - Responsive WordPress Slider},
 url = {https://smartslider3.com/},
 howpublished = {\burl{https://smartslider3.com}},
 urldate = {8/10/2017},
 note = {[Online; accessed 24-April-2017]}
}


@misc{NGINXInc..2009,
 author = {NGINX Inc.},
 year = {2009},
 title = {NGINX Wiki!},
 url = {https://www.nginx.com/resources/wiki/},
 howpublished = {\burl{https://www.nginx.com/resources/wiki}},
 urldate = {8/10/2017},
 note = {[Online; accessed 8-March-2017]}
}


@misc{Microsoft.2016,
 author = {Microsoft},
 year = {2016},
 title = {Microsoft Surface Hub},
 url = {https://www.microsoft.com/microsoft-surface-hub/en-us/product-specs},
 howpublished = {\burl{https://www.microsoft.com/microsoft-surface-hub/en-us/product-specs}},
 urldate = {8/10/2017},
 note = {[Online; accessed 11-March-2017]}
}


@misc{WordPress.2013,
 author = {WordPress},
 year = {2013},
 title = {Codex - Roles and Capabilities},
 url = {https://codex.wordpress.org/Roles_and_Capabilities},
 howpublished = {\burl{https://codex.wordpress.org/Roles_and_Capabilities}},
 note = {[Online; accessed 20-June-2017]}
}


@misc{WordPress.2017,
 author = {WordPress},
 year = {2017},
 title = {Features of WordPress},
 url = {https://wordpress.org/about/features},
 howpublished = {\burl{https://wordpress.org/about/features}},
 urldate = {8/10/2017},
 note = {[Online; accessed 5-March-2017]}
}


@misc{WordPress.2017b,
 author = {WordPress},
 year = {2017},
 title = {Security of WordPress},
 url = {https://wordpress.org/about/security},
 howpublished = {\burl{https://wordpress.org/about/security}},
 urldate = {8/10/2017},
 note = {[Online; accessed 5-March-2017]}
}



@book{Rauschmayer.2014,
 author = {Rauschmayer, Axel},
 year = {2014},
 title = {Speaking JavaScript: an in-depth guide for programmers},
 address = {Sebastopol, CA},
 edition = {First edition},
 publisher = {O'Reilly Media},
 isbn = {1449365035},
 howpublished = {\url{http://speakingjs.com/}},
 note = {[Online; accessed 22-April-2017]}
}


@book{Williams.2015,
 author = {Williams, Brad and Damstra, David and Stern, Hal},
 year = {2015},
 title = {Professional WordPress: Design and development},
 address = {Indianapolis},
 edition = {Third edition},
 publisher = {John Wiley {\&} Sons},
 isbn = {9781118987186},
 howpublished={\url{https://ravithanki.files.wordpress.com/2013/05/professional_wordpress_2nd_edition.pdf}},
 note = {[Online; accessed 8-March-2017]}
}

@misc{screen-stat,
	author = {StatCounter GlobalStat},
	title = {Screen Resolution Stat WorldWide},
	year = {2107},
	url = {http://gs.statcounter.com/screen-resolution-stats},
	howpublished = {\url{http://gs.statcounter.com/screen-resolution-stats}},
	note = {[Online; accessed 20-May-2017]}
}